% Encoding: UTF-8

@InProceedings{Doshi-VelezK16,
  author =    {Finale Doshi{-}Velez and George Konidaris},
  title =     {{Hidden Parameter Markov Decision Processes: {A} Semiparametric Regression Approach for Discovering Latent Task Parametrizations}},
  booktitle = {{Proceedings of the 25th International Joint Conference on Artificial Intelligence}},
  year =      {2016},
  editor =    {Subbarao Kambhampati},
  pages =     {1432--1440},
  publisher = {{IJCAI/AAAI} Press},
  bibsource = {dblp computer science bibliography, http://dblp.org},
  biburl =    {http://dblp2.uni-trier.de/rec/bib/conf/ijcai/Doshi-VelezK16},
  crossref =  {DBLP:conf/ijcai/2016},
  timestamp = {Fri, 15 Jul 2016 15:58:28 +0200},
  url =       {http://www.ijcai.org/Abstract/16/206}
}

@InProceedings{Gopalan_COLT_2015,
  author =    {Aditya Gopalan and Shie Mannor},
  title =     {{Thompson Sampling for Learning Parameterized Markov Decision Processes}},
  booktitle = {{Proceedings of The 28th Conference on Learning Theory}},
  year =      {2015},
  editor =    {Peter Gr{\"{u}}nwald and Elad Hazan and Satyen Kale},
  volume =    {40},
  series =    {{JMLR} Workshop and Conference Proceedings},
  pages =     {861--898},
  publisher = {JMLR.org},
  bibsource = {dblp computer science bibliography, http://dblp.org},
  biburl =    {http://dblp.uni-trier.de/rec/bib/conf/colt/GopalanM15},
  crossref =  {DBLP:conf/colt/2015},
  timestamp = {Mon, 06 Jul 2015 08:31:46 +0200},
  url =       {http://jmlr.org/proceedings/papers/v40/Gopalan15.html}
}

@InProceedings{Pirotta_AAAI_2015,
  author =    {Matteo Pirotta and Simone Parisi and Marcello Restelli},
  title =     {{Multi-Objective Reinforcement Learning with Continuous Pareto Frontier Approximation}},
  booktitle = {{Proceedings of the 29th {AAAI} Conference on Artificial Intelligence}},
  year =      {2015},
  editor =    {Blai Bonet and Sven Koenig},
  pages =     {2928--2934},
  publisher = {{AAAI} Press},
  bibsource = {dblp computer science bibliography, http://dblp.org},
  biburl =    {http://dblp2.uni-trier.de/rec/bib/conf/aaai/PirottaPR15},
  crossref =  {DBLP:conf/aaai/2015},
  timestamp = {Sun, 12 Apr 2015 15:18:08 +0200},
  url =       {http://www.aaai.org/ocs/index.php/AAAI/AAAI15/paper/view/9798}
}

@InProceedings{Barrett_ICML_2008,
  author =        {Barrett, Leon and Narayanan, Srini},
  title =         {{Learning All Optimal Policies with Multiple Criteria}},
  booktitle =     {{Proceedings of the 25th International Conference on Machine Learning}},
  year =          {2008},
  editor =        {William W. Cohen and Andrew McCallum and Sam T. Roweis},
  volume =        {307},
  series =        {{ACM} International Conference Proceeding Series},
  pages =         {41--47},
  address =       {New York, NY, USA},
  publisher =     {ACM},
  acmid =         {1390162},
  bdsk-url-1 =    {http://doi.acm.org/10.1145/1390156.1390162},
  bdsk-url-2 =    {http://dx.doi.org/10.1145/1390156.1390162},
  date-added =    {2015-11-26 21:06:16 +0000},
  date-modified = {2015-11-26 21:06:28 +0000},
  doi =           {10.1145/1390156.1390162},
  isbn =          {978-1-60558-205-4},
  location =      {Helsinki, Finland},
  numpages =      {7},
  url =           {http://doi.acm.org/10.1145/1390156.1390162}
}

@InProceedings{Baxter_ISCAS_2000,
  author =       {Baxter, Jonathan and Bartlett, Peter L},
  title =        {{Direct Gradient-based Reinforcement Learning}},
  booktitle =    {Circuits and Systems},
  year =         {2000},
  volume =       {3},
  pages =        {271--274},
  organization = {IEEE}
}

@book{Bellman_PU_1957,
	Address = {Princeton, NJ},
	Author = {Bellman, Richard E.},
	Date-Added = {2015-11-12 07:47:16 +0000},
	Date-Modified = {2015-11-12 07:47:36 +0000},
	Keywords = {DP, Dynamic Programming},
	Publisher = {Princeton University Press},
	Title = {Dynamic {Programming}},
	Year = {1957}}

@Article{Boutilier_JAIR_1999,
  author =        {Boutilier, Craig and Dean, Thomas and Hanks, Steve},
  title =         {Decision-{Theoretic} {Planning}: {Structural} {Assumptions} and {Computational} {Leverage}},
  journal =       {{Journal of Artificial Intelligence Research}},
  year =          {1999},
  volume =        {11},
  pages =         {1--94},
  date-added =    {2016-01-26 23:44:12 +0000},
  date-modified = {2016-01-26 23:44:28 +0000},
  keywords =      {DTP, MDP}
}

@InProceedings{Boutilier_IJCAI_2001,
  author =        {Boutilier, Craig and Reiter, Ray and Price, Bob},
  title =         {{Symbolic Dynamic Programming for First-order MDPs}},
  booktitle =     {{Proceedings of the 17th International Joint Conference on Artificial intelligence}},
  year =          {2001},
  editor =        {{Bernhard Nebel}},
  pages =         {690--697},
  publisher =     {{Morgan Kaufmann Publishers Inc.}},
  date-added =    {2015-11-26 21:49:30 +0000},
  date-modified = {2015-11-26 21:49:30 +0000},
  owner =         {skinathil},
  timestamp =     {2014.05.29}
}

@InBook{Chatterjee_STACS_2006,
  pages =     {325--336},
  title =     {{Markov Decision Processes with Multiple Objectives}},
  publisher = {Springer Berlin Heidelberg},
  year =      {2006},
  author =    {Chatterjee, Krishnendu and Majumdar, Rupak and Henzinger, Thomas A.},
  editor =    {Durand, Bruno and Thomas, Wolfgang},
  address =   {Berlin, Heidelberg},
  booktitle = {{STACS 2006: 23rd Annual Symposium on Theoretical Aspects of Computer Science, Marseille, France, February 23-25, 2006. Proceedings}},
  doi =       {10.1007/11672142_26},
  isbn =      {978-3-540-32288-7},
  url =       {http://dx.doi.org/10.1007/11672142_26}
}

@InProceedings{Dearden_UAI_1999,
  author =        {Dearden, Richard and Friedman, Nir and Andre, David},
  title =         {{Model Based Bayesian Exploration}},
  booktitle =     {{Proceedings of the 15th Conference on Uncertainty in Artificial Intelligence}},
  year =          {1999},
  editor =        {{Kathryn B. Laskey and Henri Prade}},
  series =        {UAI'99},
  pages =         {150--159},
  publisher =     {{Morgan Kaufmann Publishers Inc.}},
  acmid =         {2073814},
  bdsk-url-1 =    {http://dl.acm.org/citation.cfm?id=2073796.2073814},
  date-added =    {2016-01-26 10:54:08 +0000},
  date-modified = {2016-01-26 10:54:20 +0000},
  isbn =          {1-55860-614-9},
  location =      {Stockholm, Sweden},
  numpages =      {10},
  url =           {http://dl.acm.org/citation.cfm?id=2073796.2073814}
}

@PhdThesis{Duff_UMA_2002,
  author = {Duff, Michael O'Gordon},
  title =  {{Optimal Learning: Computational Procedures for Bayes-adaptive Markov Decision Processes}},
  school = {University of Massachusetts Amherst},
  year =   {2002}
}

@InBook{Gao2013,
  pages =     {208--214},
  title =     {{dReal: An SMT Solver for Nonlinear Theories over the Reals}},
  year =      {2013},
  author =    {Gao, Sicun and Kong, Soonho and Clarke, Edmund M.},
  booktitle = {{CADE-24: 24th International Conference on Automated Deduction}},
  doi =       {10.1007/978-3-642-38574-2_14},
  isbn =      {978-3-642-38574-2},
  url =       {http://dx.doi.org/10.1007/978-3-642-38574-2_14}
}

@Article{Givan_AI_2000,
  author =   {Robert Givan and Sonia Leach and Thomas Dean},
  title =    {{Bounded-parameter Markov Decision Processes}},
  journal =  {{Artificial Intelligence}},
  year =     {2000},
  volume =   {122},
  number =   {1–2},
  pages =    {71--109},
  doi =      {http://dx.doi.org/10.1016/S0004-3702(00)00047-3},
  issn =     {0004-3702},
  keywords = {Decision-theoretic planning},
  url =      {http://www.sciencedirect.com/science/article/pii/S0004370200000473}
}

@Article{Heffernan_2005,
  author =      {Heffernan, J.M and Smith, R.J and Wahl, L.M},
  title =       {{Perspectives on the Basic Reproductive Ratio}},
  journal =     {{Journal of The Royal Society Interface}},
  year =        {2005},
  volume =      {2},
  number =      {4},
  pages =       {281-293},
  added-at =    {2009-12-08T23:37:19.000+0100},
  description = {Perspectives on the basic reproductive ratio — Interface}
}

@Article{Kalyanasundaram_AJC_2004,
  author =    {Kalyanasundaram, Suresh and Chong, Edwin K. P. and Shroff, Ness B.},
  title =     {{Markov Decision Processes with Uncertain Transition Rates: Sensitivity and Max-min Control}},
  journal =   {{Asian Journal of Control}},
  year =      {2004},
  volume =    {6},
  number =    {2},
  pages =     {253--269},
  doi =       {10.1111/j.1934-6093.2004.tb00203.x},
  issn =      {1934-6093},
  keywords =  {Markov decision processes, sensitivity, max-min control, call admission control, policy iteration},
  publisher = {Blackwell Publishing Ltd},
  url =       {http://dx.doi.org/10.1111/j.1934-6093.2004.tb00203.x}
}

@Article{KermackMcKendrick_1927,
  author =    {Kermack, W. O. and McKendrick, A. G.},
  title =     {{A Contribution to the Mathematical Theory of Epidemics}},
  journal =   {{Proceedings of the Royal Society of London A: Mathematical, Physical and Engineering Sciences}},
  year =      {1927},
  volume =    {115},
  number =    {772},
  pages =     {700--721},
  doi =       {10.1098/rspa.1927.0118},
  eprint =    {http://rspa.royalsocietypublishing.org/content/115/772/700.full.pdf},
  issn =      {0950-1207},
  publisher = {The Royal Society},
  timestamp = {2017-03-09},
  url =       {http://rspa.royalsocietypublishing.org/content/115/772/700}
}

@InProceedings{Ng_UAI_2000,
  author =    {Andrew Y. Ng and Michael I. Jordan},
  title =     {{PEGASUS: A policy search method for large MPDs and POMDPs}},
  booktitle = {{Proceedings of the 16th Conference in Uncertainty in Artificial Intelligence}},
  year =      {2000},
  editor =    {{Didier Dubois}},
  volume =    {15},
  number =    {3},
  series =    {UAI '00},
  pages =     {406--415},
  publisher = {{Morgan Kaufmann}}
}

@InProceedings{Ng_ICML_2000,
  author =    {Andrew Y. Ng and Russell, Stuart J.},
  title =     {{Algorithms for Inverse Reinforcement Learning}},
  booktitle = {{Proceedings of the 17th International Conference on Machine Learning}},
  year =      {2000},
  editor =    {{Pat Langley}},
  series =    {ICML '00},
  pages =     {663--670},
  publisher = {{Morgan Kaufmann}},
  acmid =     {657801},
  isbn =      {1-55860-707-2},
  numpages =  {8},
  url =       {http://dl.acm.org/citation.cfm?id=645529.657801}
}

@Conference{Perny_AAAI_2013,
  author =    {Perny, Patrice and Weng, Paul and Goldsmith, Judy and Hanna, Josiah P},
  title =     {{Approximation of Lorenz-Optimal Solutions in Multiobjective Markov Decision Processes}},
  booktitle = {{Workshops at the 27th AAAI Conference on Artificial Intelligence}},
  year =      {2013},
  journal =   {Workshops at the TwentySeventh AAAI Conference on Artificial Intelligence}
}

@Article{Roijers_JAIR_2013,
  author =        {Roijers, Diederik M. and Vamplew, Peter and Whiteson, Shimon and {Richard Dazeley}},
  title =         {A {Survey} of {Multi}-{Objective} {Sequential} {Decision}-{Making}},
  journal =       {{Journal of Artificial Intelligence Research}},
  year =          {2013},
  volume =        {48},
  pages =         {67--113},
  __markedentry = {[skin:6]}
}

@InProceedings{Sanner_UAI_2011,
  author =        {Sanner, Scott and Delgado, Karina and Nunes de Barros, Leliane},
  title =         {{Symbolic Dynamic Programming for Discrete and Continuous State MDPs}},
  booktitle =     {{Proceedings of the 27th Conference on Uncertainty in Artificial Intelligence}},
  year =          {2011},
  editor =        {F{\'{a}}bio Gagliardi Cozman and Avi Pfeffer},
  pages =         {1--10},
  publisher =     {{AUAI} Press},
  date-added =    {2016-01-19 04:48:21 +0000},
  date-modified = {2016-01-19 04:49:57 +0000}
}

@InProceedings{Sutton_NIPS_1999,
  author =    {Sutton, Richard S and David A. McAllester and Satinder P. Singh and Mansour, Yishay},
  title =     {{Policy Gradient Methods for Reinforcement Learning with Function Approximation}},
  booktitle = {{Proceedings of the 12th International Conference on Neural Information Processing Systems}},
  year =      {1999},
  editor =    {S.A. Solla and T.K. Leen and K. M\"{u}ller},
  pages =     {1057--1063},
  address =   {Cambridge, MA, USA},
  publisher = {MIT Press},
  url =       {http://papers.nips.cc/paper/1713-policy-gradient-methods-for-reinforcement-learning-with-function-approximation.pdf}
}

@Article{Tan_JAP_2011,
  author =    {Tan, Chin Hon and Hartman, Joseph C.},
  title =     {{Sensitivity Analysis in Markov Decision Processes with Uncertain Reward Parameters}},
  journal =   {{Journal of Applied Probability}},
  year =      {2011},
  volume =    {48},
  number =    {4},
  pages =     {954--967},
  month =     {12},
  doi =       {10.1239/jap/1324046012},
  fjournal =  {Journal of Applied Probability},
  publisher = {Applied Probability Trust},
  url =       {http://dx.doi.org/10.1239/jap/1324046012}
}

@Book{MATLAB_2010,
  title =     {{MATLAB version 8.5.197613 (R2015a) and Optimization Toolbox 7.2}},
  publisher = {The MathWorks Inc.},
  year =      {2015},
  author =    {{The MathWorks Inc.}},
  address =   {Natick, Massachusetts, United States}
}

@InProceedings{Zamani_AAAI_2012,
  author =        {Zamani, Zahra and Sanner, Scott and Fang, Cheng},
  title =         {{Symbolic Dynamic Programming for Continuous State and Action MDPs}},
  booktitle =     {{Proceedings of the 26th {AAAI} Conference on Artificial Intelligence}},
  year =          {2012},
  editor =        {{J{\"{o}}rg Hoffmann and Bart Selman}},
  pages =         {1--7},
  publisher =     {{{AAAI} Press}},
  date-added =    {2016-01-19 04:50:04 +0000},
  date-modified = {2016-01-19 04:50:56 +0000}
}
